% This file was created with JabRef 2.9.2.
% Encoding: MacRoman

@INPROCEEDINGS{abrahamson2006,
  author = {Abrahamson, N. A.},
  title = {Seismic Hazard Assessment: problems with current practice and future
	developments},
  booktitle = {Proceedings of the First European Conference on Earthquake Engineering
	and Seismology},
  year = {2006},
  address = {Geneva, Switzerland,},
  month = {September},
  owner = {marcop},
  timestamp = {2011.08.31}
}

@INPROCEEDINGS{a2000,
  author = {Abrahamson, N. A.},
  title = {Effects of rupture directivity on probabilistic seismic hazard analysis},
  booktitle = {Proceedings of the Sixth International Conference on Seismic Zonation:
	Managing Earthquake Risk in the 21st Century},
  year = {2000},
  owner = {damianomonelli},
  timestamp = {2011.10.18}
}

@ARTICLE{abrahamson1997a,
  author = {Abrahamson, N. A. and Silva},
  title = {Empirical Response Spectral Attenuation Relations for Shallow Crustal
	Earthquakes},
  journal = {Seism. Res. Lett.},
  year = {1997},
  volume = {68},
  pages = {94-127},
  number = {1},
  owner = {marcop},
  timestamp = {2011.07.24}
}

@ARTICLE{abrahamson2008,
  author = {Abrahamson, N. A. and Silva, W.},
  title = {{Summary of the Abrahamson \& Silva NGA Ground-Motion Relations}},
  journal = {Earthquake Spectra},
  year = {2008},
  volume = {24},
  pages = {67-97},
  number = {1},
  month = {February},
  owner = {marcop},
  timestamp = {2011.02.10}
}

@TECHREPORT{as1996,
  author = {Abrahamson, N. A. and Silva, W. J.},
  title = {Empirical Ground Motion Models},
  institution = {Brookhaven National Laboratory},
  year = {1996},
  owner = {damianomonelli},
  timestamp = {2011.10.18}
}

@TECHREPORT{adams2003,
  author = {Adams, J. and Halchuck, S. .},
  title = {Fourth generation seismic hazard maps of Canada: Values for over
	650 Canadian localities intended for the 2005 National Building Code
	of Canada},
  institution = {Canada Geological Survey},
  year = {2003},
  type = {Open File 4459},
  note = {156 pp},
  owner = {marcop},
  timestamp = {2011.08.23}
}

@ARTICLE{Aki1965,
  author = {Aki, K.},
  title = {Maximum Likelihood Estimate of b in the formula log {N} = a - b {M}
	and its {C}onfidence {L}imits},
  journal = {Bulletin of the Earthquake Research Institute},
  year = {1965},
  volume = {43},
  pages = {237 - 239},
  owner = {GW},
  timestamp = {2010.11.25}
}

@BOOK{aki2002,
  title = {Quantitative Seismology},
  publisher = {University Science Books},
  year = {2002},
  author = {Aki, K. and Richards, P. G.},
  address = {Sausalito, California},
  owner = {marcop},
  timestamp = {2010.10.04}
}

@ARTICLE{ab2010,
  author = {Akkar, S. and Bommer, J. J.},
  title = {Empirical Equations for the Prediction of PGA, PGV, and Spectral
	Accelerations in Europe, the Mediterranean Region, and the Middle
	East},
  journal = {Seismological Research Letters},
  year = {2010},
  volume = {81},
  pages = {195-206},
  owner = {damianomonelli},
  timestamp = {2011.10.18}
}

@ARTICLE{akkar2010,
  author = {Akkar, S. and Bommer, J. J.},
  title = {{Empirical equations for the prediction of PGS, PGV, and spectral
	accelerations in Europe, the
	
	Mediterranean Region, and the Middle East}},
  journal = {Seism. Res. Lett.},
  year = {2010},
  volume = {81},
  pages = {195-206},
  number = {2},
  doi = {10.1785/gssrl.81.2.195},
  owner = {marcop},
  timestamp = {2011.11.06}
}

@ARTICLE{allen2010,
  author = {Allen, T. and Wald, D.},
  title = {Prediction of macroseismic intensities for global active crustal
	earthquakes},
  journal = {Journal of Seismology},
  year = {2010},
  owner = {marcop},
  timestamp = {2011.07.24}
}

@ARTICLE{AndersonLuco1983,
  author = {Anderson, J. G. and Luco, J. E.},
  title = {Consequences of Slip Rate Constraints on Earthquake Occurrence Relations},
  journal = {Bull. Seism. Soc. Am.},
  year = {1983},
  volume = {73},
  pages = {471-496},
  owner = {GW},
  timestamp = {2013.02.26}
}

@ARTICLE{anderson1996,
  author = {Anderson, J. G. and Wesnousky, S. G. and Stirling. M. W.},
  title = {Earthquake size as a function of fault slip rate},
  journal = {Bull. Seism. Soc. Am.},
  year = {1996},
  volume = {86},
  pages = {683-690},
  number = {3},
  owner = {marcop},
  timestamp = {2011.08.18}
}

@ARTICLE{atkinson2006,
  author = {Atkinson, G. A. and Boore, D. M.},
  title = {{Earthquake Ground-Motion Prediction Equations for Eastern North
	America}},
  journal = {Bulletin of the Seismological Society of America},
  year = {2006},
  volume = {96},
  pages = {2181-2205},
  number = {6},
  owner = {marcop},
  timestamp = {2011.02.10}
}

@ARTICLE{ab2003Erratum,
  author = {Gail M. Atkinson and David M. Boore},
  title = {{Erratum to Empirical Ground-Motion Relations for Subduction Zone
	Earthquakes and Their Application to Cascadia and Other Regions}},
  journal = {Bulletin of the Seismological Society of America},
  year = {2008},
  volume = {98},
  pages = {2567-2569},
  owner = {damianomonelli},
  timestamp = {2011.10.18}
}

@ARTICLE{ab2003,
  author = {Gail M. Atkinson and David M. Boore},
  title = {{Empirical Ground-Motion Relations for Subduction-Zone Earthquakes
	
	and Their Application to Cascadia and Other Regions}},
  journal = {Bulletin of the Seismological Society of America},
  year = {2003},
  volume = {93},
  pages = {1703--1729},
  owner = {damianomonelli},
  timestamp = {2011.10.18}
}

@ARTICLE{bakun1997,
  author = {Bakun, W. H. and Wentworth, C. M.},
  title = {Estimating earthquake location and magnitude from seismic intensity
	data},
  journal = {Bulletin of the Seismological Society of America},
  year = {1997},
  volume = {87},
  pages = {1502-1521},
  owner = {marcop},
  timestamp = {2011.07.24}
}

@ARTICLE{basili2008,
  author = {Basili, R. and Valensise, G. and Vannoli, P. and Burrato, P. and
	Fracassi, U. and Mariano, S. and Tiberti, M. M. and Boschi, E.},
  title = {{The Database of Individual Seismogenic Sources (DISS), version 3:
	summarizing 20 years of research on Italy's earthquake geology}},
  journal = {Tectonophysics},
  year = {2008},
  volume = {453},
  pages = {20-43},
  doi = {10.1016/j.tecto.2007.04.014},
  owner = {marcop},
  timestamp = {2011.02.10}
}

@ARTICLE{bs2003,
  author = {Baturay, M. B. and Stewart, J. P.},
  title = {Uncertainty and Bias in Ground-Motion Estimates from Ground Response
	Analyses},
  journal = {Bulletin of the Seismological Society of America},
  year = {2003},
  volume = {93},
  pages = {2025-2042},
  owner = {damianomonelli},
  timestamp = {2011.10.18}
}

@ARTICLE{bc2004,
  author = {Bazzurro, P. and Cornell, C. A.},
  title = {Ground-Motion Amplification in Nonlinear Soil Sites with Uncertain
	Properties},
  journal = {Bulletin of the Seismological Society of America},
  year = {2004},
  volume = {94},
  pages = {2090√ê2109},
  owner = {damianomonelli},
  timestamp = {2011.10.18}
}

@INPROCEEDINGS{bazzurro2002,
  author = {Bazzurro, P. and Cornell, C. A.},
  title = {Vector-valued probabilistic seismic hazard analysis},
  booktitle = {{Proceedings 7$^\text{th}$ U.S. National Conference on Earthquake
	Engineering}},
  year = {2002},
  owner = {marcop},
  timestamp = {2010.10.04}
}

@ARTICLE{bazzurro1999,
  author = {Bazzurro, P. and Cornell, C. A.},
  title = {Disaggregation of Seismic Hazard},
  journal = {Bulletin of the Seismological Society of America},
  year = {1999},
  volume = {89},
  pages = {501-520},
  number = {2},
  __markedentry = {[marcop]},
  owner = {marcop},
  timestamp = {2010.10.04}
}

@ARTICLE{Bender1983,
  author = {Bender, B.},
  title = {Maximum Likelihood Estimatation of b Values for Magnitude Grouped
	Data},
  journal = {Bulletin of the Seismological Society of America},
  year = {1983},
  volume = {73},
  pages = {831 - 851},
  number = {3},
  owner = {GW},
  timestamp = {2010.11.25}
}

@TECHREPORT{bender1987,
  author = {Bender, B. and D. M. Perkins},
  title = {{Seisrisk III: A computer program for seismic hazard estimation}},
  institution = {United States Geological Survey},
  year = {1987},
  type = {Bulletin},
  number = {1772},
  owner = {marcop},
  timestamp = {2010.07.13}
}

@TECHREPORT{bender1982,
  author = {Bender, B. and Perkins, D. M.},
  title = {{SEISRISK II : a computer program for seismic hazard estimation}},
  institution = {United States Department of the Interiors, Geological Survey},
  year = {1982},
  type = {Open-File Report},
  number = {82-293},
  owner = {marcop},
  timestamp = {2011.01.26}
}

@ARTICLE{beyer2006,
  author = {Beyer, K. and Bommer, J. J.},
  title = {Relationships between Median Values and between Aleatory Variabilities
	for Different Definitions of the Horizontal Component of Motions},
  journal = {Bulletin of the Seismological Society of America},
  year = {2006},
  volume = {96},
  pages = {1512-1522},
  number = {4A},
  doi = {10.1785/0120050210},
  owner = {marcop},
  timestamp = {2011.08.30}
}

@ARTICLE{BirdKagan2004,
  author = {Bird, P. and Kagan, Y. Y.},
  title = {Plate-{T}ectonic Analysis of Shallow Seismicity: Apparent Boundary
	Width, Beta, Corner Magnitude, Coupled Lithosphere Thickness, and
	Couping in seven tectonic settings},
  journal = {Bulletin of the Seismological Society of America},
  year = {2004},
  volume = {94(6)},
  pages = {2380 - 2399},
  owner = {GW},
  timestamp = {2013.06.06}
}

@ARTICLE{Bird_etal2010,
  author = {Bird, P. and Kreemer, C. and Holt, W . E.},
  title = {A Long-term Forecast of Shallow Seismicity Based on the {G}lobal
	{S}train {R}ate {M}ap},
  journal = {Seismological Research Letters},
  year = {2010},
  volume = {81(2)},
  pages = {184 - 194},
  owner = {GW},
  timestamp = {2013.06.06}
}

@ARTICLE{BirdLiu2007,
  author = {Bird, P. and Liu, Z.},
  title = {Seismic {H}azard {I}nferred from {T}ectonics: {C}alifornia},
  journal = {Seismological Research Letters},
  year = {2007},
  volume = {78(1)},
  pages = {37 - 48},
  owner = {GW},
  timestamp = {2013.06.06}
}

@ARTICLE{boettcher2004,
  author = {Boettcher, M. S. and Jordan, T. H.},
  title = {Earthquake scaling relations for mid-ocean ridge transform faults},
  journal = {J. Geophys. Res.},
  year = {2004},
  volume = {109},
  pages = {21 pp.},
  number = {B12302},
  doi = {10.1029/2004JB003110},
  owner = {marcop},
  timestamp = {2011.08.18}
}

@ARTICLE{bommer2008,
  author = {Bommer, J. J. and Scherbaum, F.},
  title = {{The Use and Misuse of Logic Trees in Probabilistic Seismic Hazard
	Analysis}},
  journal = {Earthquake Spectra},
  year = {2008},
  volume = {24},
  pages = {997-1009},
  number = {4},
  month = {November},
  owner = {marcop},
  timestamp = {2011.01.20}
}

@ARTICLE{bEtAl2009,
  author = {Bommer, J. J. and Stafford, P. J. and Alarc¬ón, J. E.},
  title = {Empirical Equations for the Prediction of the Significant, Bracketed,
	and Uniform Duration of Earthquake Ground Motion},
  journal = {Bulletin of the Seismological Society of America},
  year = {2009},
  volume = {99},
  pages = {3217-3233},
  owner = {damianomonelli},
  timestamp = {2011.10.18}
}

@ARTICLE{boore2008,
  author = {Boore, D. M. and Atkinson, G. M.},
  title = {{Ground-Motion Prediction Equations for the Average Horizontal Component
	of PGA, PGV, and 5\%-Damped PSA at Spectral Periods between 0.01
	s and 10.0 s}},
  journal = {Earthquake Spectra},
  year = {2008},
  volume = {24},
  pages = {99-138},
  number = {1},
  month = {February},
  owner = {marcop},
  timestamp = {2011.02.10}
}

@ARTICLE{bEtAl1997,
  author = {Boore, D. M. and Joyner, W. B. and Fumal, T. E.},
  title = {Equations for estimating horizontal response spectra and peak acceleration
	from western North American earthquakes; a summary of recent work},
  journal = {Seismological Research Letters},
  year = {1997},
  volume = {68},
  pages = {128-153},
  owner = {damianomonelli},
  timestamp = {2011.10.18}
}

@ARTICLE{boore1997,
  author = {Boore, D. M. and Joyner, W. B. and Fumal, T. E.},
  title = {Equations for Estimating Horizontal Response Spectra and Peak Acceleration
	from Western North American Earthquakes: A Summary of Recent Work},
  journal = {Seism. Res. Lett.},
  year = {1997},
  volume = {68},
  pages = {128-153},
  number = {1},
  owner = {marcop},
  timestamp = {2011.07.24}
}

@ARTICLE{Bungum2007,
  author = {Bungum, H.},
  title = {Numerical modelling of fault activities},
  journal = {Computers \& Geosciences},
  year = {2007},
  volume = {33},
  pages = {808 - 820},
  owner = {GW},
  timestamp = {2013.05.15}
}

@ARTICLE{campbell2003SCR,
  author = {Campbell, K. W.},
  title = {Prediction of Strong Ground Motion Using the Hybrid Empirical Method
	and Its Use in the Development of Ground-Motion (Attenuation) Relations
	in Eastern North America},
  journal = {Bulletin of the Seismological Society of America},
  year = {2003},
  volume = {93},
  pages = {1012--1033},
  owner = {damianomonelli},
  timestamp = {2011.11.07}
}

@ARTICLE{campbell1997,
  author = {Campbell, K. W.},
  title = {Empirical Near-Source Attenuation Relationships for Horizontal and
	Vertical Components of Peak Ground Acceleration, Peak Ground Velocity,
	and Pseudo-Absolute Acceleration Response Spectra},
  journal = {Seism. Res. Lett.},
  year = {1997},
  volume = {68},
  pages = {154-179},
  number = {1},
  owner = {marcop},
  timestamp = {2011.07.24}
}

@ARTICLE{campbell2008,
  author = {Campbell, K. W. and Bozorgnia, Y.},
  title = {{NGA Ground Motion Model for the Geometric Mean Horizontal Component
	of PGA, PGV, PGD and 5% Damped Linear Elastic Response Spectra for
	Periods Ranging from 0.01 to 10 s}},
  journal = {Earthquake Spectra},
  year = {2008},
  volume = {24},
  pages = {139-171},
  number = {1},
  owner = {marcop},
  timestamp = {2011.07.24}
}

@ARTICLE{campbell2003,
  author = {Campbell, K. W. and Bozorgnia, Y.},
  title = {{Updated Near-Source Ground-Motion (Attenuation) Relations for the
	Horizontal and Vertical Components of Peak Ground Acceleration and
	Acceleration Response Spectra}},
  journal = {Bulletin of the Seismological Society of America},
  year = {2003},
  volume = {93},
  pages = {314-331},
  owner = {marcop},
  timestamp = {2011.07.24}
}

@ARTICLE{cf2008,
  author = {Cauzzi, C. and Faccioli, E.},
  title = {Broadband (0.05 s to 20 s) prediction of displacement response spectra
	based on worldwide digital records},
  journal = {Journal of Seismology},
  year = {2008},
  volume = {12},
  pages = {453-475},
  owner = {damianomonelli},
  timestamp = {2011.10.18}
}

@ARTICLE{chandler2002,
  author = {Chandler, A. M. and Lam, N. T. K.},
  title = {Intensity attenuation relationship for the South China region and
	comparison with the component attenuation model},
  journal = {Journal of Asian Earth Sciences},
  year = {2002},
  volume = {20},
  pages = {775-790},
  number = {7},
  doi = {10.1016/S1367-9120(01)00054-2},
  owner = {marcop},
  timestamp = {2011.07.24}
}

@TECHREPORT{chiang1984,
  author = {Chiang, W. L. and Guidi, G. A. and Scoof, C. G. and Shah, H .C.},
  title = {{Computer Programs for Seismic Hazard Analysis - A User Manual (STASHA)}},
  institution = {The J. A. Blume Earthquake Engineering Center},
  year = {1984},
  type = {Report},
  number = {62},
  owner = {marcop},
  pages = {238 pp.},
  timestamp = {2010.10.04}
}

@ARTICLE{chiou2008,
  author = {Chiou, B. S.-J. and Youngs, R. R.},
  title = {An NGA Model for the Average Horizontal Component of Peak Ground
	Motion and Response Spectra},
  journal = {Earthquake Spectra},
  year = {2008},
  volume = {24},
  pages = {173-215},
  owner = {marcop},
  timestamp = {2011.02.10}
}

@ARTICLE{cs2005,
  author = {Choi, Y. and Stewart, J. P.},
  title = {Nonlinear Site Amplification as a Function of 30 m Shear Wave Velocity},
  journal = {Earthquake Spectra},
  year = {2005},
  volume = {21},
  pages = {1-30},
  owner = {damianomonelli},
  timestamp = {2011.10.18}
}

@ARTICLE{coppersmith2009,
  author = {Coppersmith, K. J. and Youngs, R. R. and Sprecher, C.},
  title = {{Methodology and main results of seismic source characterization
	for PEGASOS Project, Switzerland}},
  journal = {Swiss J. Geosc.},
  year = {2009},
  volume = {102},
  pages = {91-105},
  doi = {10.1007/s00015-009-1309-1},
  owner = {marcop},
  timestamp = {2010.07.08}
}

@ARTICLE{cornell1968,
  author = {Cornell, C. A.},
  title = {Engineering Seismic Risk Analysis},
  journal = {Bulletin of the Seismological Society of America},
  year = {1968},
  volume = {58},
  pages = {1583-1606},
  owner = {marcop},
  timestamp = {2010.10.04}
}

@TECHREPORT{crowley2010a,
  author = {Crowley, H. and Cerisara, A. and Jaiswal, K. and Keller, N. and Luco,
	N. and Pagani, M. and Porter, K. and Silva, V. and Wald, D. and Wyss
	B.},
  title = {{GEM1 Seismic Risk Report: Part 2}},
  institution = {GEM Foundation},
  year = {2010},
  type = {GEM Technical Report},
  number = {2010-5},
  address = {Pavia, Italy},
  owner = {marcop},
  timestamp = {2011.09.02}
}

@TECHREPORT{crowley2010,
  author = {Crowley, H. and Colombi, M. and Crempien, J. and Erduran, E. and
	Lopez, M. and Liu, H. and Mayfield, M. and Milanesi, M.},
  title = {{GEM1 Seismic Risk Report: Part 1}},
  institution = {GEM Foundation},
  year = {2010},
  type = {GEM Technical Report},
  number = {2010-5},
  address = {Pavia, Italy},
  owner = {marcop},
  timestamp = {2011.09.02}
}

@BOOK{crowley2011,
  title = {OpenQuake Book},
  publisher = {GEM FOUNDATION},
  year = {2011},
  author = {Crowley, H. and Monelli, D. and Pagani, M. and Silva, V. and Weatherill,
	G.},
  address = {Pavia, Italy},
  owner = {marcop},
  timestamp = {2010.10.04}
}

@TECHREPORT{danciu2010,
  author = {Danciu, L. and Monelli, D. and Pagani, M. and Wiemer, S.},
  title = {GEM1 Hazard: Review of PSHA software},
  institution = {GEM Foundation},
  year = {2010},
  type = {GEM Technical Report},
  number = {2010-2},
  address = {Pavia, Italy},
  owner = {marcop},
  timestamp = {2011.09.02}
}

@ARTICLE{dowrick2004,
  author = {Dowrick, D. J. and Rhoades, D. A.},
  title = {Relations Between Earthquake Magnitude and Fault Rupture Dimensions:
	How Regionally Variable Are They?},
  journal = {Bull. Seism. Soc. Am.},
  year = {2004},
  volume = {94},
  pages = {776-788},
  number = {3},
  owner = {marcop},
  timestamp = {2011.08.18}
}

@UNPUBLISHED{dEtAl2010,
  author = {Drouet, S. and Cotton, F. and Beauval, C.},
  title = {Deliverable 4.2: Regionally adjusted
	
	Ground Motion Prediction Equations
	
	(GMPE) for Europe},
  note = {SHARE Internal Report},
  year = {2010},
  owner = {damianomonelli},
  timestamp = {2011.10.18}
}

@PHDTHESIS{esteva1968,
  author = {Esteva, L.},
  title = {Bases para la formulacion de decisiones de diseno sismico},
  school = {Universidad Autonoma Nacional de Mexico},
  year = {1968},
  owner = {marcop},
  timestamp = {2011.01.26}
}

@TECHREPORT{Felzer2008,
  author = {Felzer, K. R.},
  title = {The Uniform {C}alifornia Earthquake Rupture Forecast, version 2 ({UCERF
	2}) Appendix I: Calculating {C}alifornia Seismicity Rates},
  institution = {U.S. Geological Survey Open File Report 2007-01347I},
  year = {2008},
  owner = {GW},
  timestamp = {2010.11.25}
}

@ARTICLE{field2000,
  author = {Field, E. H.},
  title = {{A Modified Ground-Motion Attenuation Relationship for Southern California
	that Accounts for Detailed Site Classification and a Basin-Depth
	Effect}},
  journal = {Bulletin of the Seismological Society of America},
  year = {2000},
  volume = {90},
  pages = {S209-S221},
  number = {6B},
  doi = {10.1785/0120000507},
  owner = {marcop},
  timestamp = {2011.09.02}
}

@ARTICLE{field2009,
  author = {Field, E. H. and Dawson, T E. and Felzer, K. R. and Frankel, A. D.
	and Gupta, V. and Jordan, T. H. and Parsons, T. and Petersen, M.
	D. and Stein, R. S. and Weldon II, R. J. and Willis, C. J.},
  title = {{Uniform California Earthquake Rupture Forecast, Version 2 (UCERF
	2)}},
  journal = {Bulletin of the Seismological Society of America},
  year = {2009},
  volume = {99},
  pages = {2053-2107},
  number = {4},
  doi = {10.1785/0120080049},
  owner = {marcop},
  timestamp = {2011.07.19}
}

@ARTICLE{field2003,
  author = {Field, E. H. and Jordan, T. H. and Cornell, C. A.},
  title = {{OpenSHA - A developing Community-Modeling Environment for Seismic
	Hazard Analysis}},
  journal = {Seism. Res. Lett.},
  year = {2003},
  volume = {74},
  pages = {406-419},
  owner = {marcop},
  timestamp = {2010.07.05}
}

@ARTICLE{fps2011,
  author = {Foulser-Piggott, R. and Stafford, P. J.},
  title = {A predictive model for Arias intensity at multiple sites and consideration
	of spatial correlations},
  journal = {Earthquake Engineering \& Structural Dynamics},
  year = {2011},
  owner = {damianomonelli},
  timestamp = {2011.10.18}
}

@ARTICLE{frankel1995,
  author = {Frankel, A.},
  title = {{Mapping Seismic Hazard in the Central and Eastern United States}},
  journal = {Seismological Research Letters},
  year = {1995},
  volume = {66},
  pages = {8-21},
  number = {4},
  owner = {marcop},
  timestamp = {2010.10.04}
}

@TECHREPORT{frankel1997,
  author = {Frankel, A. and Mueller, C. and Barnhard, T. and Perkins, D. and
	Leyendecker, E. V. and Dickman, N. and Hanson, S. and Hopper, M.},
  title = {{National 1996 Seismic Hazard Maps}},
  institution = {U.S. Geological Survey},
  year = {1997},
  type = {Open-File Report},
  number = {97-131},
  owner = {marcop},
  timestamp = {2011.04.18}
}

@TECHREPORT{usgsNSHM1996,
  author = {Frankel, A. and Mueller, C. and Barnhard, T. and Perkins, D. and
	Leyendecker, E. V. and Dickman, N. and Hanson, S. and Hopper, M.},
  title = {National Seismic Hazard Maps: Documentation June 1996},
  institution = {United States Geological Survey Open-File Report 96-532},
  year = {1996},
  owner = {GW},
  timestamp = {2010.12.04}
}

@TECHREPORT{usgsNSHM2002,
  author = {Frankel, A. and Petersen, M. D. and Mueller, C. S. and Haller, K.
	M. and Wheeler, R. L. and Leyendecker, E. V. and Wesson, R. L. and
	Harmson, S. C. and Cramer, C. H. and Perkins, D. M. and Rukstales,
	K. S.},
  title = {Documentation for the 2002 Updata to the National Seismic Hazard
	Maps},
  institution = {United States Geological Survey Open-File Report 02-420},
  year = {2002},
  owner = {GW},
  timestamp = {2010.12.04}
}

@TECHREPORT{frankel2002,
  author = {Frankel, A. D. and Petersen, M. D. and Mueller, C. S. and Haller,
	K. M. and Wheeler, R. L. and Leyendecker, E. V. and Wesson, R. L.
	and Harmsen, S. C. and Cramer, C. H. and Perkins, D. M. and Rukstales,
	K. S.},
  title = {{Documentation for the 2002 Update of the National Seismic Hazard
	Maps}},
  institution = {USGS},
  year = {2002},
  type = {Open-File Report},
  number = {02-420},
  owner = {marcop},
  timestamp = {2011.08.30}
}

@ARTICLE{GardnerKnopoff1974,
  author = {Gardner, J. K. and Knopoff, L.},
  title = {Is the sequence of earthquakes in {S}outhern {C}alifornia, with aftershocks
	removed, Poissonian?},
  journal = {Bulletin of the Seismological Society of America},
  year = {1974},
  volume = {64},
  pages = {1363 - 1367},
  number = {5},
  owner = {GW},
  timestamp = {2010.11.22}
}

@TECHREPORT{gemfoundation2010,
  author = {{GEM Foundation}},
  title = {{GEM1 Executive Summary}},
  institution = {GEM Foundation},
  year = {2010},
  type = {GEM Technical Report},
  number = {2010-1},
  address = {Pavia, Italy},
  owner = {marcop},
  timestamp = {2011.09.02}
}

@ARTICLE{giardini1999,
  author = {Giardini, D. and Gr\"{u}nthal, G. and Shedlock, K. M. and Zhang,
	P.},
  title = {The GSHAP global seismic hazard map},
  journal = {Annali di Geofisica},
  year = {1999},
  volume = {42},
  pages = {1225-1230},
  number = {6},
  owner = {marcop},
  timestamp = {2013.02.11}
}

@ARTICLE{Gomborg1991,
  author = {Gomborg, J.},
  title = {Seismicity and detection/location threshold in the southern ?????
	basin seismic network},
  journal = {Journal of Geophysical Research},
  year = {1991},
  volume = {96},
  pages = {401 - 414},
  number = {16},
  owner = {GW},
  timestamp = {2010.11.03}
}

@ARTICLE{GutenbergRichter1944,
  author = {Gutenberg, B. and Richter, C. F.},
  title = {Frequency of Earthquakes in {C}alifornia},
  journal = {Bulletin of the Seismological Society of America},
  year = {1944},
  volume = {34},
  pages = {185 - 188},
  owner = {GW},
  timestamp = {2010.11.22}
}

@ARTICLE{hancock2005,
  author = {Hancock, J. and Bommer, J. J.},
  title = {The effective number of cycles of earhquake ground motion},
  journal = {Earthquake Engineering and Structural Dynamics},
  year = {2005},
  volume = {34},
  pages = {637-664},
  doi = {10.1002/eqe.437},
  owner = {marcop},
  timestamp = {2011.08.29}
}

@ARTICLE{hanks2002,
  author = {Hanks, T. and Bakun},
  title = {A Bilinear Source-Scaling Model for M-log A Observations of Continental
	Earthquakes},
  journal = {Bull. Seism. Soc. Am.},
  year = {2002},
  volume = {92},
  pages = {1841-1846},
  number = {5},
  doi = {10.1785/0120010148},
  owner = {marcop},
  timestamp = {2011.08.18}
}

@ARTICLE{hanks2008,
  author = {Hanks, T. and Bakun, W. H.},
  title = {M-logA Observations for Recent Large Earthquakes},
  journal = {Bull. Seism. Soc. Am.},
  year = {2008},
  volume = {98},
  pages = {490-494},
  number = {1},
  doi = {10.1785/0120070174},
  owner = {marcop},
  timestamp = {2011.08.18}
}

@ARTICLE{HanksKanamori1979,
  author = {Hanks, T. and Kanamori, H.},
  title = {A moment magnitude scale},
  journal = {Journal of Geophysical Research},
  year = {1979},
  volume = {84},
  pages = {2348 - 2350},
  owner = {GW},
  timestamp = {2013.05.15}
}

@TECHREPORT{harmsen2008,
  author = {Harmsen, S.},
  title = {{Appendix C. Distance to a Fault with Random Strike. In \cite{petersen2008}
	Documentation for the 2008 Update of the United States National Seismic
	Hazard Maps}},
  institution = {U.S. Department of the Interior, U.S. Geological Survey},
  year = {2008},
  type = {Open File Report},
  number = {2008-1128},
  owner = {marcop},
  timestamp = {2010.07.09}
}

@TECHREPORT{harmsen2008a,
  author = {Harmsen, S.},
  title = {Appendix D. Modeling Dip-Slip Background Sources},
  institution = {U.S. Department of the Interior, U.S. Geological Survey},
  year = {2008},
  type = {Open File Report},
  number = {2008-1128},
  owner = {marcop},
  timestamp = {2011.08.31}
}

@ARTICLE{hayes2009,
  author = {Hayes, G. P. and Wald, D. J.},
  title = {Developing framework to constrain the geometry of the seismic rupture
	plane on subduction interfaces a priori √ê a probabilistic approach},
  journal = {Geophys. J. Int.},
  year = {2009},
  volume = {176},
  pages = {951-964},
  doi = {10.1111/j.1365-246X.2008.04035.x},
  owner = {marcop},
  timestamp = {2011.09.01}
}

@ARTICLE{henry2001,
  author = {Henry, C. and Das. S.},
  title = {Aftershock zones of large shallow earthquakes: fault dimensions,
	aftershock area expansion and scaling relations},
  journal = {Geophys. J. Int.},
  year = {2001},
  volume = {147},
  pages = {272√ê293},
  owner = {marcop},
  timestamp = {2012.06.22}
}

@ARTICLE{heuret2011,
  author = {Heuret, A. and Lallemand, S. and Funiciello, F. and Piromallo, C.
	and Faccenna, C.},
  title = {Physical characteristics of subduction interface type seismogenic
	zones revisited},
  journal = {Geochemistry, Geophysics, Geosystems},
  year = {2011},
  volume = {12},
  pages = {Q01004},
  number = {1},
  doi = {10.1029/2010GC003230},
  owner = {marcop},
  timestamp = {2011.09.01}
}

@TECHREPORT{jaiswal2008,
  author = {Jaiswal, K. and Wald, D. J.},
  title = {Creating a Global Building Inventory for Earthquake Loss Assessment
	and Risk Management},
  institution = {U.S. Department of the Interior, U.S. Geological Survey},
  year = {2008},
  type = {Open-File Report},
  number = {2008√ê1160},
  owner = {marcop},
  timestamp = {2012.07.03}
}

@ARTICLE{Jayaram2009,
  author = {Jayaram, N. and Baker, J. W.},
  title = {Correlation model for spatially distributed ground-motion intensities},
  journal = {Earthquake Engineering and Structural Dynamics},
  year = {2009},
  volume = {38},
  pages = {1687-1708},
  number = {15},
  doi = {10.1002/eqe.922},
  owner = {marco},
  timestamp = {2010.08.05}
}

@ARTICLE{joyner1981,
  author = {Joyner, W. B. and Boore, D. M.},
  title = {Peak horizontal acceleration and velocity from strong-motion records
	including records from the 1979 Imperial Valley, California, earthquake.},
  journal = {Bull. Seism. Soc. Am.},
  year = {1981},
  volume = {71},
  pages = {2011-2038},
  number = {6},
  owner = {marcop},
  timestamp = {2011.11.08}
}

@ARTICLE{ks2006,
  author = {Kempton, J. J. and Stewart, J. P.},
  title = {Prediction equations for significant duration of earthquake ground
	motions considering site and near-source effects},
  journal = {Earthquake Spectra},
  year = {2006},
  volume = {22},
  pages = {985-1013},
  owner = {damianomonelli},
  timestamp = {2011.10.18}
}

@ARTICLE{Kijko2004,
  author = {Kijko, A.},
  title = {Estimation of the Maximum Earthquake Magnitude, $M_{MAX}$},
  journal = {Pure and Applied Geophysics},
  year = {2004},
  volume = {161},
  pages = {1655 - 1681},
  owner = {GW},
  timestamp = {2010.12.04}
}

@ARTICLE{KijkoSmit2012,
  author = {Kijko, A. and Smit, A.},
  title = {Extension of the Aki-Utsu b-Value Estimator for Incomplete Catalogs},
  journal = {Bulletin of the Seismological Society of America},
  year = {2012},
  volume = {3},
  pages = {1283 - 1287},
  owner = {GW},
  timestamp = {2013.02.23}
}

@ARTICLE{kim2005,
  author = {Kim, Y.-S. and Sanderson, D. J.},
  title = {The relationship between displacement and length of faults: a review},
  journal = {Earth-Science Reviews},
  year = {2005},
  volume = {68},
  pages = {317-334},
  number = {3-4},
  owner = {marcop},
  timestamp = {2011.08.18}
}

@ARTICLE{Kostrov1974,
  author = {Kostrov, V. V.},
  title = {Seismic moment and energy of earthquakes and seismic flow of rock},
  journal = {Izy Acad. Sci. USSR Physics of the Solid Earth},
  year = {1974},
  volume = {1},
  pages = {13 - 21},
  owner = {GW},
  timestamp = {2014.02.13}
}

@BOOK{kramer1996,
  title = {Geotechnical Earthquake Engineering},
  publisher = {Prentice Hall},
  year = {1996},
  author = {Kramer, S. L.},
  owner = {marcop},
  timestamp = {2011.11.10}
}

@ARTICLE{Kreemer_etal2003,
  author = {Kreemer, C. and Holt, W . E. and Haines, A. J.},
  title = {An integrated global model of present-day plate motions and plate
	boundary deformation},
  journal = {Geophysical Journal International},
  year = {2003},
  volume = {154},
  pages = {8 - 34},
  owner = {GW},
  timestamp = {2013.06.06}
}

@ARTICLE{ll2008,
  author = {Lin, P-S and Lee, C-T},
  title = {Ground-Motion Attenuation Relationships for Subduction-Zone Earthquakes
	in Northeastern Taiwan},
  journal = {Bulletin of the Seismological Society of America},
  year = {2008},
  volume = {98},
  pages = {220-240},
  owner = {damianomonelli},
  timestamp = {2011.10.18}
}

@ARTICLE{LuenStark2012,
  author = {Luen, B. and Stark, P. B.},
  title = {Poisson tests of declustered catalogues},
  journal = {Geophys. J. Int.},
  year = {2012},
  volume = {189},
  pages = {691 -700},
  owner = {GW},
  timestamp = {2012.06.18}
}

@ARTICLE{madariaga2010,
  author = {Madariaga, R. and M\'{e}tois, M. and Vigny, C. and Campos, J.},
  title = {Central Chile Finally Breaks},
  journal = {Science},
  year = {2012},
  volume = {328},
  pages = {181-182},
  number = {5975},
  doi = {10.1126/science.1189197}
}

@ARTICLE{MakropoulosBurton1983,
  author = {Makropoulos, K. C. and Burton, P. W.},
  title = {Seismic Risk of Circum-Pacific Earthquakes I. Strain Energy Release},
  journal = {Pure and Applied Geophysics},
  year = {1983},
  volume = {121},
  pages = {247 - 266},
  number = {2},
  owner = {GW},
  timestamp = {2012.06.25}
}

@ARTICLE{manighetti2007,
  author = {Isabelle Manighetti and Michel Campillo and Sylvain Bouley and Fabrice
	Cotton},
  title = {Earthquake scaling, fault segmentation, and structural maturity},
  journal = {Earth and Planetary Science Letters},
  year = {2007},
  volume = {253},
  pages = {429-438},
  number = {3-4},
  doi = {10.1016/j.epsl.2006.11.004},
  issn = {0012-821X},
  keywords = {Earthquakes osin},
  url = {http://www.sciencedirect.com/science/article/pii/S0012821X06007916}
}

@BOOK{martinez2002,
  title = {Computational {S}tatistics {H}andbook with {M}atlab},
  publisher = {Chapman and Hall/CRC},
  year = {2002},
  author = {Martinez, W. L. and Martinez, A. R.},
  address = {Boca Raton, London, New York, Washington D.C.},
  owner = {marcop},
  timestamp = {2010.10.04}
}

@ARTICLE{matthews2002,
  author = {Matthews, M. V. and Ells\-worth, W. L. Reasenberg, P. A.},
  title = {A Brownian Model for Recurrent Earthquakes},
  journal = {Bulletin of the Seismological Society of America},
  year = {2002},
  volume = {92},
  pages = {2233-2250},
  number = {6},
  owner = {marcop},
  timestamp = {2010.07.08}
}

@TECHREPORT{mcguire1976,
  author = {McGuire, K. K.},
  title = {FORTRAN computer program for seismic risk analysis},
  institution = {{United States Department of the Interior, Geological Survey}},
  year = {1976},
  type = {Open-File report},
  number = {76-67},
  note = {102 pages},
  owner = {marcop},
  timestamp = {2011.01.26}
}

@ARTICLE{mcguire2008,
  author = {McGuire, R. K.},
  title = {Probabilistic seismic hazard analysis: Early history},
  journal = {Earthquake Engineering and Structural Dynamics},
  year = {2008},
  volume = {37},
  pages = {329-338},
  owner = {marcop},
  timestamp = {2011.01.26}
}

@BOOK{mcguire2004,
  title = {Seismic Hazard and Risk Analysis},
  publisher = {EERI},
  year = {2004},
  author = {McGuire, R. K.},
  __markedentry = {[marcop]},
  owner = {marcop},
  timestamp = {2010.08.01}
}

@ARTICLE{mcguire1995,
  author = {McGuire, R. K.},
  title = {{Probabilistic Seismic Hazard Analysis and Design Earthquake: Closing
	the Loop}},
  journal = {Bulletin of the Seismological Society of America},
  year = {1995},
  volume = {85},
  pages = {1275-1284},
  number = {5},
  __markedentry = {[marcop]},
  owner = {marcop},
  timestamp = {2010.10.04}
}

@INPROCEEDINGS{McVerry2000,
  author = {McVerry, G. H. and Zhao, J. X. and Abrahamson, N. A. and Somerville,
	P. G.},
  title = {CRUSTAL AND SUBDUCTION ZONE ATTENUATION RELATIONS FOR NEW ZEALAND
	EARTHQUAKES},
  booktitle = {Proc. 12th World Conference on Earthquake Engineering},
  year = {2000},
  owner = {damianomonelli},
  timestamp = {2011.10.18}
}

@ARTICLE{midzi1999,
  author = {Midzi, V. and Hlatywayo, D. and Chapola, L. S. and Kebede, F. and
	Attakan, K. and Lombe, D. K. and Turyomurugyendo, G. and Tugume,
	F. A.},
  title = {{Seismic hazard assessment in Eastern and Southern Africa}},
  journal = {Annali di Geofisica},
  year = {1999},
  volume = {42},
  pages = {-1083},
  number = {6}
}

@TECHREPORT{MignanWoessner2012,
  author = {Mignan, A. and W\"{o}essner, J.},
  title = {Theme {IV} - {U}nderstanding {S}eismicity {C}atalogs and their {P}roblems},
  institution = {Community Online Resource for Statistical Seismicity Analysis},
  year = {2012},
  number = {doi: 10.5078/corssa-00180805},
  owner = {GW},
  timestamp = {2010.11.03},
  url = {http://www.corssa.org}
}

@ARTICLE{musson2000,
  author = {Musson, R. M. W.},
  title = {{The use of Monte Carlo simulations for seismic hazard assessment
	in the U.K.}},
  journal = {Annals of Geophys.},
  year = {2000},
  volume = {43},
  pages = {1-9},
  number = {1},
  owner = {marcop},
  timestamp = {2011.04.22}
}

@ARTICLE{Musson1999,
  author = {Musson, R. M. W.},
  title = {Probabilistic Seismic Hazard Maps for the North Balkan Region},
  journal = {Annali di Geofisica},
  year = {1999},
  volume = {42},
  pages = {1109 - 1124},
  number = {2},
  part = {2},
  owner = {GW},
  timestamp = {2010.11.23}
}

@ARTICLE{Musson1999PSHABalkan,
  author = {Musson, R. M. W.},
  title = {Probabilistic Seismic Hazard Maps for the North Balkan Region},
  journal = {Annali di Geofisica},
  year = {1999},
  volume = {42},
  pages = {1109 - 1124},
  number = {2},
  part = {2},
  owner = {GW},
  timestamp = {2010.11.23}
}

@ARTICLE{pagani2007,
  author = {Pagani, M. and Marcellini, A.},
  title = {Seismic-Hazard Disaggregation: A Fully Probabilistic Methodology},
  journal = {Bulletin of the Seismological Society of America},
  year = {2007},
  volume = {97},
  pages = {1688-1701},
  number = {5},
  doi = {10.1785/0120060126},
  owner = {marcop},
  timestamp = {2011.01.30}
}

@TECHREPORT{pagani2010,
  author = {Pagani, M. and Monelli, D. and Crowley, H. and Danciu, L. and Field,
	E. H. and Wiemer, S. and Giardini, D.},
  title = {{GEM1 Hazard: Description of Input Models, Calculation Engine and
	Main Results}},
  institution = {GEM Foundation},
  year = {2010},
  type = {GEM Technical Report},
  number = {2010-3},
  address = {Pavia, Italy},
  owner = {marcop},
  timestamp = {2010.12.30}
}

@ARTICLE{pavlides,
  author = {Pavlides, S. and Caputo, R.},
  title = {Magnitude versus faults' surface parameters: quantitative relationships
	from the Aegean Region},
  journal = {Tectonophysics},
  year = {2004},
  volume = {380},
  pages = {159-188},
  number = {3-4},
  doi = {10.1016/j.tecto.2003.09.019},
  owner = {marcop},
  timestamp = {2011.08.18}
}

@ARTICLE{Peruzza_etal2010,
  author = {Peruzza, L. and Pace, B. and Cavallini, F.},
  title = {Error propagation in time-dependent probability of occurrence for
	characterisrtic earthquakes in Italy},
  journal = {Journal of Seismology},
  year = {2010},
  volume = {14},
  pages = {119 - 141},
  owner = {GW},
  timestamp = {2013.05.15}
}

@TECHREPORT{petersen2008,
  author = {Petersen, M. D. and Frankel, A. D. and Harmsen, S. C. and Mueller,
	C. S. and Haller, K. M. and Wheeler, R. L. and Wesson, R. L. and
	Yzeng, Y. and Boys, O. S. and Perkins, D. M. and Luco, N. and Field,
	E. H. and Wills, C. J. and Rukstales, K. S.},
  title = {Documentation for the 2008 Update of the United States National Seismic
	Hazard Maps},
  institution = {U.S. Department of the Interior, U.S. Geological Survey},
  year = {2008},
  type = {Open File Report},
  number = {2008-1128},
  owner = {marcop},
  timestamp = {2010.07.09}
}

@ARTICLE{rowshandel2006,
  author = {Rowshandel, B.},
  title = {{Incorporating Source Rupture Characteristics into Ground-Motion
	Hazard Analysis Models}},
  journal = {Seism. Res. Lett.},
  year = {2006},
  volume = {77},
  pages = {708-722},
  number = {6},
  owner = {marcop},
  timestamp = {2010.07.07}
}

@ARTICLE{RydelekSacks1989,
  author = {Rydelek, P. A. and Sacks, I. S.},
  title = {Testing the completeness of earthquake catalogues and the hypothesis
	of self-similarity},
  journal = {Nature},
  year = {1989},
  volume = {337},
  pages = {251 - 253},
  number = {19},
  owner = {GW},
  timestamp = {2010.11.02}
}

@ARTICLE{sEtAl1997,
  author = {Sadigh, K., C. -Y. and Chang, J. A. and Egan, F. and Makdisi, and
	Youngs, R. R.},
  title = {Attenuation relationships for shallow crustal earthquakes based on
	California strong motion data},
  journal = {Seismological Research Letters},
  year = {1997},
  volume = {68},
  pages = {180-189},
  owner = {damianomonelli},
  timestamp = {2011.10.18}
}

@ARTICLE{scherbaum2005,
  author = {Scherbaum, F. and Bommer, J. J. and Bongum, H. and Cotton, F. and
	Abrahamson, N. A.},
  title = {Composites Ground-Motion Models and Logic Trees: Methodology, Sensitivities,
	and Uncertainties},
  journal = {Bulletin of the Seismological Society of America},
  year = {2005},
  volume = {95},
  pages = {1575-1593},
  number = {5},
  doi = {10.1785/0120040229},
  owner = {marcop},
  timestamp = {2010.07.19}
}

@ARTICLE{scherbaum2006,
  author = {Scherbaum, F. and Cotton, F. and Staedke, H.},
  title = {The Estimation of Minimum-Misfit Stochastic Models from Empirical
	Ground-Motion Prediction Equations},
  journal = {Bulletin of the Seismological Society of America},
  year = {2006},
  volume = {96},
  pages = {427 - 445},
  owner = {marcop},
  timestamp = {2010.07.23}
}

@ARTICLE{scherbaum2011,
  author = {Scherbaum, F. and Kuehn, N. M.},
  title = {Logic tree branch weights and probabilities: Summing up to one is
	not enough},
  journal = {Earthquake Spectra},
  year = {2011},
  volume = {in press},
  owner = {marcop},
  timestamp = {2011.08.30}
}

@ARTICLE{scherbaum2004,
  author = {Scherbaum, F. and Schmedes, J. and Cotton, F.},
  title = {On the Conversion of Source-to-Site Distance Measures for Extended
	Earthquake Source Models},
  journal = {Bulletin of the Seismological Society of America},
  year = {2004},
  volume = {94},
  pages = {1053-1069},
  number = {3},
  doi = {10.1785/0120030055},
  owner = {marcop},
  timestamp = {2011.08.30}
}

@ARTICLE{SchorlemmerWoessner2008,
  author = {Schorlemmer, D. and Woessner, J.},
  title = {Probability of Detecting an Earthquake},
  journal = {Bulletin of the Seismological Society of America},
  year = {2008},
  volume = {98},
  pages = {2103 - 2117},
  number = {5},
  owner = {GW},
  timestamp = {2010.11.03}
}

@TECHREPORT{sshac1997,
  author = {{Senior Seismic Hazard Analysis Committee}},
  title = {Recommendations for Probabilistic Seismic Hazard Analysis: Guidance
	on Uncertainty and Use of Experts},
  institution = {Lawrence Livermore National Laboratory},
  year = {1997},
  number = {NUREG/CR-6372, UCRL-ID-122160, Vol. 1},
  owner = {marcop},
  timestamp = {2010.12.31}
}

@TECHREPORT{sommerville2006,
  author = {Somerville, P. G. and Collins, N. and Graves, R.},
  title = {Magnitude-rupture area scaling of large strike-slip earthquakes},
  institution = {USGS},
  year = {2006},
  type = {Final Technical Report},
  number = {Award No. 05-HQ-GR-0004},
  owner = {marcop},
  timestamp = {2011.08.18},
  url = {http://earthquake.usgs.gov/research/external/reports/05HQGR0004.pdf}
}

@ARTICLE{sEtAl1999,
  author = {Spudich, P and Joyner, W. B. and Lindh, A. G. and Boore, D. M. and
	Margaris B. M. and Fletcher, J. B.},
  title = {SEA99: A revised ground motion prediction relation for use in extensional
	tectonic regimes},
  journal = {Bulletin of the Seismological Society of America},
  year = {1999},
  volume = {89},
  pages = {1156-1170},
  owner = {damianomonelli},
  timestamp = {2011.10.18}
}

@ARTICLE{sEtAl2009,
  author = {Stafford, P. J. and Berrill, J. B. and Pettinga, J. R.},
  title = {New predictive equations for Arias intensity from crustal earthquakes
	in New Zealand},
  journal = {Journal of Seismology},
  year = {2009},
  volume = {13},
  pages = {31-52},
  owner = {damianomonelli},
  timestamp = {2011.10.18}
}

@PHDTHESIS{Stepp1971,
  author = {Stepp, J. C.},
  title = {An investigation of earthquake risk in the {P}uget {S}ound area by
	the use of the type I distribution of largest extreme},
  school = {Pennsylvania State University},
  year = {1971},
  owner = {GW},
  timestamp = {2010.11.02}
}

@PHDTHESIS{Stepp1971a,
  author = {Stepp, J. C.},
  title = {An investigation of earthquake risk in the {P}uget {S}ound area by
	the use of the type I distribution of largest extreme},
  school = {Pennsylvania State University},
  year = {1971},
  owner = {GW},
  timestamp = {2010.11.02}
}

@TECHREPORT{s2001,
  author = {Stewart, Jonathan P. and Chiou, Brian S. J. and Bray, Jonathan D.
	and Graves, Robert W. and Somerville, Paul G. and Abrahamson, Norman
	A.},
  title = {Ground motion evaluation procedures for performance-based design},
  institution = {Pacific Earthquake Engineering Research Center, University of California,
	Berkeley},
  year = {2001},
  owner = {damianomonelli},
  timestamp = {2011.10.18}
}

@TECHREPORT{vanStiphout2012,
  author = {van Stiphout, T. and Zhuang, J. and Marsan, D.},
  title = {Theme {V} -Models and Techniques for Analysing Seismicity},
  institution = {Community Online Resource for Statistical Seismicity Analysis},
  year = {2012},
  owner = {GW},
  timestamp = {2010.11.23},
  url = {http://www.corssa.org}
}

@ARTICLE{stirling2002a,
  author = {Stirling, M. W. and Mc Verry, G. H. and Berryman, K. R.},
  title = {A New Seismic Hazard Model for New Zealand},
  journal = {Bulletin of the Seismological Society of America},
  year = {2002},
  volume = {92},
  pages = {1878-1903},
  owner = {marcop},
  timestamp = {2011.08.31}
}

@ARTICLE{stirling2002,
  author = {Stirling, M. W. and Rhoades, D. A. and Berryman, K.},
  title = {Comparison of Earthquake Scaling Relations Derived from Data of the
	Instrumental and Preinstrumental Era},
  journal = {Bulletin of the Seismological Society of America},
  year = {2002},
  volume = {92},
  pages = {812-830},
  number = {2},
  doi = {10.1785/0120000221},
  owner = {marcop},
  timestamp = {2011.08.18}
}

@ARTICLE{TaylorYin2009,
  author = {Taylor, M. and Yin, A},
  title = {Active structures of the Himalayan-Tibetan orogen and their Relationships
	to earthquake distribution, contemporary strain field and Cenozoic
	volcanism},
  journal = {Geosphere},
  year = {2009},
  volume = {5},
  pages = {199 - 214},
  owner = {GW},
  timestamp = {2013.02.26}
}

@TECHREPORT{thomas2010,
  author = {Thomas, P. and Wong, I. and Abrahamson, N. A.},
  title = {Verification of Probabilistic Seismic Hazard Analysis Computer Programs},
  institution = {Pacific Earthquake Engineering Research Center},
  year = {2010},
  type = {PEER Report},
  number = {2010/106},
  address = {College of Engineering, University of California, Berkeley},
  owner = {marcop},
  timestamp = {2011.08.30}
}

@UNPUBLISHED{toro2002,
  author = {Toro, G. R.},
  title = {Modification of the Toro Et Al. (1997) Attenuation Equations for
	Large Magnitudes and Short Distances},
  year = {2002},
  owner = {damianomonelli},
  timestamp = {2011.10.18},
  url = {http://riskeng.com/PDF/atten_toro_extended.pdf}
}

@ARTICLE{tEtAl2003,
  author = {Travasarou, T. and Bray, J. D. and Abrahamson, N. A.},
  title = {Empirical attenuation relationship for Arias intensity},
  journal = {Earthquake Engineering \& Structural Dynamics},
  year = {2003},
  volume = {32},
  pages = {1133-1155},
  owner = {damianomonelli},
  timestamp = {2011.10.18}
}

@ARTICLE{Uhrhammer1986,
  author = {Uhrhammer, R.},
  title = {Characteristics of {N}orthern and {C}entral {C}alifornia Seismicity},
  journal = {Earthquake Notes},
  year = {1986},
  volume = {57},
  pages = {21},
  number = {1},
  owner = {GW},
  timestamp = {2010.12.03}
}

@ARTICLE{Weichert1980,
  author = {Weichert, D. H.},
  title = {Estimation of the Earthquake Recurrance Parameters for Unequal Observation
	Periods for Different Magnitudes},
  journal = {Bulletin of the Seismological Society of America},
  year = {1980},
  volume = {70},
  pages = {1337 - 1346},
  number = {4},
  owner = {GW},
  timestamp = {2010.11.25}
}

@ARTICLE{wells1994,
  author = {Wells, D. L. and Coppersmith, K. J.},
  title = {New Empirical Relationships among Magnitude, Rupture Length, Rupture
	Width, Rupture Area, and Surface Displacement},
  journal = {Bull. Seism. Soc. Am.},
  year = {1994},
  volume = {84},
  pages = {974-1002},
  number = {4},
  owner = {marcop},
  timestamp = {2011.08.18}
}

@ARTICLE{wesson2009,
  author = {Wesson, R. L. and Perkins, D. M. and Luco, N. and Karaca, E.},
  title = {Direct Calculation of the Probability Distribution for Earthquake
	Losses to a Portfolio},
  journal = {Earthquake Spectra},
  year = {2009},
  volume = {25},
  pages = {687-706},
  number = {3},
  owner = {marcop},
  timestamp = {2010.07.05}
}

@TECHREPORT{wheeler2009,
  author = {Wheeler, R. L.},
  title = {{Methods of Mmax Estimation East of the Rocky Mountains}},
  institution = {United States Geological Survey},
  year = {2009},
  type = {Open-File Report},
  number = {2009-1018},
  owner = {marcop},
  timestamp = {2010.09.08}
}

@ARTICLE{WoessnerWiemer2005,
  author = {Woessner, J. and Wiemer, S.},
  title = {Assessing the quality of earthquake catalogues: estimating the magnitude
	of completeness and its uncertainty},
  journal = {Bulletin of the Seismological Society of America},
  year = {2005},
  volume = {95},
  pages = {684 - 698},
  number = {2},
  owner = {GW},
  timestamp = {2010.11.03}
}

@ARTICLE{woo1996,
  author = {Woo, G.},
  title = {Kernel Estimation Methods for Seismic Hazard Area Source Modeling},
  journal = {Bulletin of the Seismological Society of America},
  year = {1996},
  volume = {86},
  pages = {353-362},
  number = {2},
  owner = {marcop},
  timestamp = {2010.10.04}
}

@ARTICLE{Wyss2005,
  author = {Wyss, M.},
  title = {Human Losses expected in Himalayan Earthquakes},
  journal = {Natural Hazards},
  year = {2005},
  volume = {35},
  pages = {305-314},
  owner = {GW},
  timestamp = {2013.02.26}
}

@ARTICLE{wyss1979,
  author = {Wyss, M.},
  title = {Estimating maximum expectable magnitude of earthquakes from fault
	dimensions},
  journal = {Geology},
  year = {1979},
  volume = {7},
  pages = {336-340},
  owner = {marcop},
  timestamp = {2011.08.18}
}

@ARTICLE{yen2011,
  author = {Yen, Y.-T. and Ma, K.-F.},
  title = {Source-Scaling Relationship for M 4.6√ê8.9 Earthquakes, Specifically
	for Earthquakes in the Collision Zone of Taiwan},
  journal = {Bull. Seism. Soc. Am.},
  year = {2011},
  volume = {101},
  pages = {464√ê481},
  number = {2},
  doi = {10.1785/0120100046},
  owner = {marcop},
  timestamp = {2011.08.18}
}

@ARTICLE{y1997,
  author = {Youngs, R.R. and Chiou, S.J. and Silva, W.J. and Humphrey, J. R.},
  title = {Strong Ground Motion Attenuation Relationships for Subduction Zone
	Earthquakes},
  journal = {Seismological Research Letters},
  year = {1997},
  volume = {68},
  owner = {damianomonelli},
  timestamp = {2011.10.18}
}

@ARTICLE{YoungsCoppersmith1985,
  author = {Youngs, R. R. and Coppersmith, K. J.},
  title = {Implications of Fault Slip Rates and Earthquake Recurrence Models
	to Probabilistic Seismic Hazard Estimates},
  journal = {Bull. Seism. Soc. Am.},
  year = {1985},
  volume = {75},
  pages = {939 - 964},
  owner = {GW},
  timestamp = {2013.02.26}
}

@ARTICLE{zhang1999,
  author = {Zhang, P. and Yang, Z. and Gupta, H. K. and Bhatia, S. C. and Shedlock,
	K. M.},
  title = {Global Seismic Hazard Assessment Program (GSHAP) in continental Asia},
  journal = {Annali di Geofisica},
  year = {1999},
  volume = {42},
  pages = {1167-1190},
  owner = {marcop},
  timestamp = {2013.02.21}
}

@ARTICLE{zhao2006,
  author = {Zhao, J. X. and Zhang, J. and Asano, A. and Oyno, Y. and Oouchi,
	T. and Takahashi, T. and Ogawa, H. and Irikura, K. and Thio, H. K.
	and Somerville, P. G. and Fukushima, Y. and Fukushima, Y.},
  title = {Attenuation Relations of Strong Ground Motion in Japan Using Site
	Classification Based on Predominant Period},
  journal = {Bulletin of the Seismological Society of America},
  year = {2006},
  volume = {96},
  pages = {898-913},
  doi = {10.1785/0120050122},
  owner = {marcop},
  timestamp = {2012.06.22}
}

@Article{Ghasemi2016,
  author   = {Ghasemi, Hadi and McKee, Chris and Leonard, Mark and Cummins, Phil and Moihoi, Mathew and Spiro, Spiliopoulos and Taranu, Felix and Buri, Eric},
  title    = {Probabilistic seismic hazard map of {Papua} {New} {Guinea}},
  journal  = {Natural Hazards},
  year     = {2016},
  volume   = {81},
  number   = {2},
  pages    = {1003--1025},
  month    = mar,
  doi      = {10.1007/s11069-015-2117-8},
}

@comment{jabref-meta: selector_publisher:}

@comment{jabref-meta: selector_author:}

@comment{jabref-meta: selector_journal:Bulletin of the Seismological S
ociety of America;}

@comment{jabref-meta: selector_keywords:}

